<record><leader>00000cas a2200000 a 4500</leader><controlfield tag="001">37530744</controlfield><controlfield tag="008">970826d19821983orusr ne      0    0eng c</controlfield><datafield ind1=" " ind2=" " tag="010"><subfield code="a">sn 96088037 </subfield></datafield><datafield ind1=" " ind2=" " tag="040"><subfield code="a">OCN</subfield><subfield code="b">eng</subfield><subfield code="c">OCN</subfield><subfield code="d">OCLCQ</subfield><subfield code="d">OCLCF</subfield><subfield code="d">OCLCO</subfield></datafield><datafield ind1="1" ind2=" " tag="029"><subfield code="a">AU@</subfield><subfield code="b">000013433371</subfield></datafield><datafield ind1=" " ind2=" " tag="042"><subfield code="a">pcc</subfield></datafield><datafield ind1=" " ind2=" " tag="043"><subfield code="a">n-us-or</subfield></datafield><datafield ind1="0" ind2=" " tag="130"><subfield code="a">Shopper (Eagle Point, Or.)</subfield></datafield><datafield ind1="1" ind2="0" tag="245"><subfield code="a">Shopper.</subfield></datafield><datafield ind1="1" ind2="3" tag="246"><subfield code="a">Eagle point independent shopper</subfield></datafield><datafield ind1="1" ind2="7" tag="246"><subfield code="a">Independent shopper</subfield></datafield><datafield ind1=" " ind2=" " tag="260"><subfield code="a">Eagle Point, Or. :</subfield><subfield code="b">Eagle Point Independent</subfield></datafield><datafield ind1=" " ind2=" " tag="300"><subfield code="a">v.</subfield></datafield><datafield ind1=" " ind2=" " tag="310"><subfield code="a">Semimonthly,</subfield><subfield code="b">&lt;Feb. 23, 1982-Aug. 2, 1983&gt;</subfield></datafield><datafield ind1=" " ind2=" " tag="321"><subfield code="a">Weekly,</subfield><subfield code="b">Jan. 12-[18], 1982-&lt;Feb. 16-[22], 1982&gt;</subfield></datafield><datafield ind1="1" ind2=" " tag="362"><subfield code="a">Began in 1982; ceased in 1983.</subfield></datafield><datafield ind1=" " ind2=" " tag="588"><subfield code="a">Description based on: Vol. 1, no. 6 (Jan. 12-[18], 1982).</subfield></datafield><datafield ind1=" " ind2=" " tag="588"><subfield code="a">Latest issue consulted: Vol. 1, no. 11 (Feb. 16, 1982).</subfield></datafield><datafield ind1=" " ind2="0" tag="651"><subfield code="a">Eagle Point (Or.)</subfield><subfield code="v">Newspapers.</subfield></datafield><datafield ind1=" " ind2="7" tag="655"><subfield code="a">Newspapers.</subfield><subfield code="2">fast</subfield><subfield code="0">(OCoLC)fst01423814</subfield></datafield><datafield ind1=" " ind2="7" tag="651"><subfield code="a">Oregon</subfield><subfield code="z">Eagle Point.</subfield><subfield code="2">fast</subfield><subfield code="0">(OCoLC)fst01231155</subfield></datafield><datafield ind1=" " ind2=" " tag="752"><subfield code="a">United States</subfield><subfield code="b">Oregon</subfield><subfield code="c">Jackson</subfield><subfield code="d">Eagle Point.</subfield></datafield></record>